<?xml version="1.0" encoding="UTF-8"?><collection xmlns="http://www.loc.gov/MARC21/slim"><record><leader>00670nam--2200229-u-4500</leader><controlfield tag="001">000053501</controlfield><controlfield tag="002">20161230</controlfield><controlfield tag="005">20161230201051</controlfield><controlfield tag="008">110408s1000------------r-----000-0-eng-d</controlfield><datafield ind1=" " ind2=" " tag="020"><subfield code="a">0471294063</subfield></datafield><datafield ind1=" " ind2=" " tag="040"><subfield code="a">IFIN-HH</subfield></datafield><datafield ind1=" " ind2=" " tag="080"><subfield code="a">520.874:621.396.96</subfield></datafield><datafield ind1="1" ind2=" " tag="100"><subfield code="a">Henderson, Floyd M</subfield></datafield><datafield ind1="1" ind2="0" tag="245"><subfield code="a">Principles &amp; applications of imaging radar</subfield><subfield code="c">Floyd m. henderson; anthony j. levis (eds.)</subfield></datafield><datafield ind1=" " ind2=" " tag="250"><subfield code="a">Third Edition</subfield></datafield><datafield ind1=" " ind2=" " tag="260"><subfield code="a">New York</subfield><subfield code="b">John Wiley &amp; Sons, Inc</subfield><subfield code="c">1998</subfield></datafield><datafield ind1=" " ind2=" " tag="300"><subfield code="a">866P</subfield></datafield><datafield ind1=" " ind2=" " tag="490"><subfield code="a">Manual Of Remote Sensing</subfield><subfield code="v">Vol. 2</subfield></datafield><datafield ind1=" " ind2="4" tag="650"><subfield code="a">Syntethic Aperture Radar</subfield></datafield><datafield ind1="1" ind2=" " tag="700"><subfield code="a">Lewis, Anthony J</subfield></datafield><datafield ind1=" " ind2=" " tag="852"><subfield code="a">81512</subfield><subfield code="c">550.3</subfield></datafield><datafield ind1=" " ind2=" " tag="CAT"><subfield code="a">Sys</subfield><subfield code="c">20110408</subfield><subfield code="h">114615</subfield></datafield></record></collection>